<?xml version="1.0" encoding="UTF-8"?><collection xmlns="http://www.loc.gov/MARC21/slim"><record><leader>00698nam--2200229-u-4500</leader><controlfield tag="001">000055240</controlfield><controlfield tag="002">20161230</controlfield><controlfield tag="005">20161230201052</controlfield><controlfield tag="008">121127s1000------------r-----000-0-rus-d</controlfield><datafield ind1=" " ind2=" " tag="040"><subfield code="a">IFIN-HH</subfield></datafield><datafield ind1=" " ind2=" " tag="041"><subfield code="a">rus</subfield></datafield><datafield ind1=" " ind2=" " tag="080"><subfield code="a">538.97</subfield></datafield><datafield ind1="1" ind2=" " tag="100"><subfield code="a">Alefeld, G</subfield></datafield><datafield ind1="1" ind2="0" tag="245"><subfield code="a">Vodorod v metallah</subfield><subfield code="b">B 2-h tomah</subfield><subfield code="c">G. alefeld, j. volkl (eds.)</subfield></datafield><datafield ind1=" " ind2=" " tag="260"><subfield code="a">Moskva</subfield><subfield code="b">Mir</subfield><subfield code="c">1981</subfield></datafield><datafield ind1=" " ind2=" " tag="300"><subfield code="a">2 VOLUME</subfield></datafield><datafield ind1=" " ind2=" " tag="490"><subfield code="a">Problemipriklasoi Fiziki</subfield></datafield><datafield ind1=" " ind2=" " tag="500"><subfield code="a">Titlul Original In Limba Engleza: Hydrogen In Metals Vol. I Basic Properties Vol. 2 Application-oriented Properties</subfield></datafield><datafield ind1="1" ind2=" " tag="700"><subfield code="a">Volkl, J</subfield><subfield code="e">Ed</subfield></datafield><datafield ind1="1" ind2=" " tag="787"><subfield code="a">Vol. Ii</subfield><subfield code="h">430p</subfield><subfield code="t">Prikladnie Aspekti</subfield></datafield><datafield ind1=" " ind2=" " tag="852"><subfield code="a">75577</subfield><subfield code="c">539.2</subfield></datafield><datafield ind1=" " ind2=" " tag="CAT"><subfield code="a">Sys</subfield><subfield code="c">20121127</subfield><subfield code="h">141440</subfield></datafield></record></collection>